@ARTICLE{Hagenaar,
   author = {{Hagenaar}, H.~J. and {Schrijver}, C.~J. and {Title}, A.~M.},
   title = "{The Distribution of Cell Sizes of the Solar Chromospheric Network}",
   journal = {\apj},
   keywords = {Sun: Granulation},
   year = 1997,
   month = may,
   volume = 481,
   pages = {988-995},
   adsurl = {http://cdsads.u-strasbg.fr/abs/1997ApJ...481..988H},
   adsnote = {Provided by the SAO/NASA Astrophysics Data System}
}

@ARTICLE{Lemen,
author = {{Lemen}, J.~R. and {Title}, A.~M. and {Akin}, D.~J. and {Boerner}, P.~F. and {Chou}, C. and {Drake}, J.~F. and {Duncan}, D.~W. and {Edwards}, C.~G. and {Friedlaender}, F.~M. and {Heyman}, G.~F. and {Hurlburt}, N.~E. and {Katz}, N.~L. and {Kushner}, G.~D. and {Levay}, M. and {Lindgren}, R.~W. and {Mathur}, D.~P. and {McFeaters}, E.~L. and {Mitchell}, S. and {Rehse}, R.~A. and {Schrijver}, C.~J. and {Springer}, L.~A. and {Stern}, R.~A. and {Tarbell}, T.~D. and {Wuelser}, J.-P. and {Wolfson}, C.~J. and {Yanari}, C. and {Bookbinder}, J.~A. and {Cheimets}, P.~N. and {Caldwell}, D.  and {Deluca}, E.~E. and {Gates}, R. and {Golub}, L. and {Park}, S. and {Podgorski}, W.~A.  and {Bush}, R.~I. and {Scherrer}, P.~H. and {Gummin}, M.~A. and {Smith}, P. and {Auker}, G. and {Jerram}, P. and {Pool}, P. and {Soufli}, R. and {Windt}, D.~L. and {Beardsley}, S. and {Clapp}, M. and {Lang}, J. and {Waltham}, N.},
   title = "{The Atmospheric Imaging Assembly (AIA) on the Solar Dynamics Observatory (SDO)}",
   journal = {\solphys},
   keywords = {Solar corona, Solar instrumentation, Solar imaging, Extreme ultraviolet},
   year = 2012,
   month = jan,
   volume = 275,
   pages = {17-40},
   doi = {10.1007/s11207-011-9776-8},
   adsurl = {http://cdsads.u-strasbg.fr/abs/2012SoPh..275...17L},
   adsnote = {Provided by the SAO/NASA Astrophysics Data System}
}

@ARTICLE{November,
   author = {{November}, L.~J. and {Toomre}, J. and {Gebbie}, K.~B.  and {Simon}, G.~W.},
   title = "{The detection of mesogranulation on the sun}",
   keywords = {Convective Flow, Solar Atmosphere, Solar Granulation, Solar Physics, Vertical Motion, Velocity Distribution, Velocity Measurement},
   year = 1981,
   month = may,
   volume = 245,
   pages = {L123-L126},
   doi = {10.1086/183539},
   adsurl = {http://adsabs.harvard.edu/abs/1981ApJ...245L.123N},
   adsnote = {Provided by the SAO/NASA Astrophysics Data System}
}

@article{priest,
    author = {Eric Priest},
    title = {"Magetohydrodynamics of the Sun"},
    year = 2014,
}

@ARTICLE{Rieutord,
   author = {{Rieutord}, M. and {Meunier}, N. and {Roudier}, T. and {Rondi}, S. and {Beigbeder}, F. and {Par{\`e}s}, L.},
   title = "{Solar supergranulation revealed by granule tracking}",
   journal = {\aap},
   archivePrefix = "arXiv",
   eprint = {0801.1369},
   keywords = {convection, turbulence, Sun: photosphere},
   year = 2008,
   month = feb,
   volume = 479,
   pages = {L17-L20},
   doi = {10.1051/0004-6361:20079077},
   adsurl = {http://cdsads.u-strasbg.fr/abs/2008A%26A...479L..17R},
   adsnote = {Provided by the SAO/NASA Astrophysics Data System}
}

@ARTICLE{Roudier,
   author = {{Roudier}, T. and {Rieutord}, M. and {Brito}, D. and {Rincon}, F. and {Malherbe}, J.~M. and {Meunier}, N. and {Berger}, T. and {Frank}, Z.},
   title = "{Mesoscale dynamics on the Sun's surface from HINODE observations}",
   journal = {\aap},
   archivePrefix = "arXiv",
   eprint = {0902.2299},
   primaryClass = "astro-ph.SR",
   keywords = {Sun: atmosphere, Sun: granulation, Sun: magnetic fields},
   year = 2009,
   month = mar,
   volume = 495,
   pages = {945-952},
   doi = {10.1051/0004-6361:200811101},
   adsurl = {http://adsabs.harvard.edu/abs/2009A\%26A...495..945R},
   adsnote = {Provided by the SAO/NASA Astrophysics Data System}
}

@ARTICLE{Shine,
   author = {{Shine}, R.~A. and {Simon}, G.~W. and {Hurlburt}, N.~E.},
   title = "{Supergranule and Mesogranule Evolution}",
   journal = {\solphys},
   year = 2000,
   month = apr,
   volume = 193,
   pages = {313-331},
   doi = {10.1023/A:1005207625696},
   adsurl = {http://cdsads.u-strasbg.fr/abs/2000SoPh..193..313S},
   adsnote = {Provided by the SAO/NASA Astrophysics Data System}
}

@ARTICLE{Simon,
   author = {{Simon}, G.~W. and {Leighton}, R.~B.},
   title = "{Velocity Fields in the Solar Atmosphere. III.  Large-Scale Motions, the Chromospheric Network, and Magnetic Fields.}",
   journal = {\apj},
   year = 1964,
   month = oct,
   volume = 140,
   pages = {1120},
   doi = {10.1086/148010},
   adsurl = {http://cdsads.u-strasbg.fr/abs/1964ApJ...140.1120S},
   adsnote = {Provided by the SAO/NASA Astrophysics Data System}
}

@ARTICLE{Title,
   author = {{Title}, A.~M. and {Tarbell}, T.~D. and {Topka}, K.~P.  and {Ferguson}, S.~H. and {Shine}, R.~A. and {SOUP Team}},
   title = "{Statistical properties of solar granulation derived from the SOUP instrument on Spacelab 2}",
   journal = {\apj},
   keywords = {Solar Atmosphere, Solar Granulation, Solar Oscillations, Spacelab, Statistical Analysis, Earth Atmosphere, Image Processing, Root-Mean-Square Errors, Solar Magnetic Field},
   year = 1989,
   month = jan,
   volume = 336,
   pages = {475-494},
   doi = {10.1086/167026},
   adsurl = {http://cdsads.u-strasbg.fr/abs/1989ApJ...336..475T},
   adsnote = {Provided by the SAO/NASA Astrophysics Data System}
}
