@ARTICLE{Lemen,
author = {{Lemen}, J.~R. and {Title}, A.~M. and {Akin}, D.~J. and {Boerner}, P.~F. and {Chou}, C. and {Drake}, J.~F. and {Duncan}, D.~W. and {Edwards}, C.~G. and {Friedlaender}, F.~M. and {Heyman}, G.~F. and {Hurlburt}, N.~E. and {Katz}, N.~L. and {Kushner}, G.~D. and {Levay}, M. and {Lindgren}, R.~W. and {Mathur}, D.~P. and {McFeaters}, E.~L. and {Mitchell}, S. and {Rehse}, R.~A. and {Schrijver}, C.~J. and {Springer}, L.~A. and {Stern}, R.~A. and {Tarbell}, T.~D. and {Wuelser}, J.-P. and {Wolfson}, C.~J. and {Yanari}, C. and {Bookbinder}, J.~A. and {Cheimets}, P.~N. and {Caldwell}, D.  and {Deluca}, E.~E. and {Gates}, R. and {Golub}, L. and {Park}, S. and {Podgorski}, W.~A.  and {Bush}, R.~I. and {Scherrer}, P.~H. and {Gummin}, M.~A. and {Smith}, P. and {Auker}, G. and {Jerram}, P. and {Pool}, P. and {Soufli}, R. and {Windt}, D.~L. and {Beardsley}, S. and {Clapp}, M. and {Lang}, J. and {Waltham}, N.},
   title = "{The Atmospheric Imaging Assembly (AIA) on the Solar Dynamics Observatory (SDO)}",
   journal = {\solphys},
   keywords = {Solar corona, Solar instrumentation, Solar imaging, Extreme ultraviolet},
   year = 2012,
   month = jan,
   volume = 275,
   pages = {17-40},
   doi = {10.1007/s11207-011-9776-8},
   adsurl = {http://cdsads.u-strasbg.fr/abs/2012SoPh..275...17L},
   adsnote = {Provided by the SAO/NASA Astrophysics Data System}
}
